%% This BibTeX bibliography file was created using BibDesk.
%% http://bibdesk.sourceforge.net/


%% Created for Matthias Geissb√ºhler at 2011-03-21 13:46:46 +0100 


%% Saved with string encoding Unicode (UTF-8) 

    
@inproceedings{salamon2014dataset,
  title={A dataset and taxonomy for urban sound research},
  author={Salamon, Justin and Jacoby, Christopher and Bello, Juan Pablo},
  booktitle={Proceedings of the ACM International Conference on Multimedia},
  pages={1041--1044},
  year={2014},
  organization={ACM}
},

@inproceedings{gencoglu2014recognition,
  title={Recognition of acoustic events using deep neural networks},
  author={Gencoglu, Oguzhan and Virtanen, Tuomas and Huttunen, Heikki},
  booktitle={Signal Processing Conference (EUSIPCO), 2014 Proceedings of the 22nd European},
  pages={506--510},
  year={2014},
  organization={IEEE}
},

@inproceedings{kons2013audio,
  title={Audio event classification using deep neural networks.},
  author={Kons, Zvi and Toledo-Ronen, Orith}
},

@article{bradley1997use,
  title={The use of the area under the ROC curve in the evaluation of machine learning algorithms},
  author={Bradley, Andrew P},
  journal={Pattern recognition},
  volume={30},
  number={7},
  pages={1145--1159},
  year={1997},
  publisher={Elsevier}
},

@inproceedings{foster2015chime,
  title={Chime-home: A dataset for sound source recognition in a domestic environment},
  author={Foster, Peter and Sigtia, Siddharth and Krstulovic, Sacha and Barker, Jon and Plumbley, Mark D},
  booktitle={Applications of Signal Processing to Audio and Acoustics (WASPAA), 2015 IEEE Workshop on},
  pages={1--5},
  year={2015},
  organization={IEEE}
},

 @misc{ wiki:xxx,
   author = "Wikipedia",
   title = "Support vector machine --- Wikipedia{,} The Free Encyclopedia",
   year = "2016",
   url = "https://en.wikipedia.org/w/index.php?title=Support_vector_machine&oldid=698452747",
   note = "[Online; accessed 7-January-2016]"
 },
 
 @inproceedings{defreville2006automatic,
  title={Automatic recognition of urban sound sources},
  author={Defr{\'e}ville, Boris and Pachet, Fran{\c{c}}ois and Rosin, Christophe and Roy, Pierre},
  booktitle={Audio Engineering Society Convention 120},
  year={2006},
  organization={Audio Engineering Society}
},

@article{stowelldetection,
  title={Detection and classification of acoustic scenes and events},
  author={Stowell, Dan and Giannoulis, Dimitrios and Benetos, Emmanouil and Lagrange, Mathieu and Plumbley, Mark},
  publisher={IEEE}
},

@article{aucouturier2007bag,
  title={The bag-of-frames approach to audio pattern recognition: A sufficient model for urban soundscapes but not for polyphonic music},
  author={Aucouturier, Jean-Julien and Defreville, Boris and Pachet, Fran{\c{c}}ois},
  journal={The Journal of the Acoustical Society of America},
  volume={122},
  number={2},
  pages={881--891},
  year={2007},
  publisher={Acoustical Society of America}
},

@inproceedings{christensen2010chime,
  title={The CHiME corpus: a resource and a challenge for computational hearing in multisource environments.},
  author={Christensen, Heidi and Barker, Jon and Ma, Ning and Green, Phil D},
  booktitle={INTERSPEECH},
  pages={1918--1921},
  year={2010},
  organization={Citeseer}
},

@article{chu2009environmental,
  title={Environmental sound recognition with time--frequency audio features},
  author={Chu, Selina and Narayanan, Shrikanth and Kuo, CC Jay},
  journal={Audio, Speech, and Language Processing, IEEE Transactions on},
  volume={17},
  number={6},
  pages={1142--1158},
  year={2009},
  publisher={IEEE}
},

@article{tran2011sound,
  title={Sound event recognition with probabilistic distance SVMs},
  author={Tran, Huy Dat and Li, Haizhou},
  journal={Audio, Speech, and Language Processing, IEEE Transactions on},
  volume={19},
  number={6},
  pages={1556--1568},
  year={2011},
  publisher={IEEE}
},

@article{hastie2005elements,
  title={The elements of statistical learning: data mining, inference and prediction},
  author={Hastie, Trevor and Tibshirani, Robert and Friedman, Jerome and Franklin, James},
  journal={The Mathematical Intelligencer},
  volume={27},
  number={2},
  pages={83--85},
  year={2005},
  publisher={Springer}
},

@inproceedings{mesaros2015sound,
  title={Sound event detection in real life recordings using coupled matrix factorization of spectral representations and class activity annotations},
  author={Mesaros, Annamaria and Heittola, Toni and Dikmen, Onur and Virtanen, Tuomas},
  booktitle={Acoustics, Speech and Signal Processing (ICASSP), 2015 IEEE International Conference on},
  pages={606--618},
  year={2015},
  organization={IEEE Computer Society}
},

@inproceedings{mesaros2010acoustic,
  title={Acoustic event detection in real life recordings},
  author={Mesaros, Annamaria and Heittola, Toni and Eronen, Antti and Virtanen, Tuomas},
  booktitle={18th European Signal Processing Conference},
  pages={1267--1271},
  year={2010},
  organization={Citeseer}
},

@article{nandwanarobust,
  title={ROBUST UNSUPERVISED DETECTION OF HUMAN SCREAMS IN NOISY ACOUSTIC ENVIRONMENTS},
  author={Nandwana, Mahesh Kumar and Ziaei, Ali and Hansen, John HL}
},

@inproceedings{zhang2015acoustic,
  title={Acoustic feature extraction by tensor-based sparse representation for sound effects classification},
  author={Zhang, Xueyuan and He, Qianhua and Feng, Xiaohui},
  booktitle={Acoustics, Speech and Signal Processing (ICASSP), 2015 IEEE International Conference on},
  pages={166--170},
  year={2015},
  organization={IEEE}
},

@inproceedings{dennis2015combining,
  title={Combining robust spike coding with spiking neural networks for sound event classification},
  author={Dennis, Jonathan and Dat, Tran Huy and Li, Haizhou},
  booktitle={Acoustics, Speech and Signal Processing (ICASSP), 2015 IEEE International Conference on},
  pages={176--180},
  year={2015},
  organization={IEEE}
},

@article{kohonen1987state,
  title={State of the art in neural computing},
  author={Kohonen, Teuvo},
  year={1987},
  publisher={IEEE Service Center}
},

@article{haykin2004comprehensive,
  title={A comprehensive foundation},
  author={Haykin, Simon and Network, Neural},
  journal={Neural Networks},
  volume={2},
  number={2004},
  year={2004}
},


